%YAML 1.1
%TAG !u! tag:unity3d.com,2011:
--- !u!1001 &100100000
Prefab:
  m_ObjectHideFlags: 1
  serializedVersion: 2
  m_Modification:
    m_TransformParent: {fileID: 0}
    m_Modifications: []
    m_RemovedComponents: []
  m_ParentPrefab: {fileID: 0}
  m_RootGameObject: {fileID: 1820002985825242}
  m_IsPrefabParent: 1
--- !u!1 &1820002985825242
GameObject:
  m_ObjectHideFlags: 0
  m_PrefabParentObject: {fileID: 0}
  m_PrefabInternal: {fileID: 100100000}
  serializedVersion: 5
  m_Component:
  - component: {fileID: 4359619260684400}
  - component: {fileID: 212651962617320974}
  - component: {fileID: 50504910548805054}
  - component: {fileID: 70597948487420216}
  - component: {fileID: 95689255658016588}
  - component: {fileID: 114114211836005272}
  - component: {fileID: 114555893570036292}
  - component: {fileID: 114337382534886102}
  - component: {fileID: 114027532979979544}
  - component: {fileID: 114137957551602750}
  - component: {fileID: 114162686185048204}
  - component: {fileID: 114916924296994888}
  - component: {fileID: 114707041945428564}
  - component: {fileID: 114983944905029696}
  m_Layer: 12
  m_Name: Player2ndLevel
  m_TagString: player
  m_Icon: {fileID: 0}
  m_NavMeshLayer: 0
  m_StaticEditorFlags: 0
  m_IsActive: 1
--- !u!4 &4359619260684400
Transform:
  m_ObjectHideFlags: 1
  m_PrefabParentObject: {fileID: 0}
  m_PrefabInternal: {fileID: 100100000}
  m_GameObject: {fileID: 1820002985825242}
  m_LocalRotation: {x: 0, y: 0, z: 0, w: 1}
  m_LocalPosition: {x: -12.16, y: -1.6, z: 0}
  m_LocalScale: {x: 0.375, y: 0.375, z: 1}
  m_Children: []
  m_Father: {fileID: 0}
  m_RootOrder: 0
  m_LocalEulerAnglesHint: {x: 0, y: 0, z: 0}
--- !u!50 &50504910548805054
Rigidbody2D:
  serializedVersion: 4
  m_ObjectHideFlags: 1
  m_PrefabParentObject: {fileID: 0}
  m_PrefabInternal: {fileID: 100100000}
  m_GameObject: {fileID: 1820002985825242}
  m_BodyType: 0
  m_Simulated: 1
  m_UseFullKinematicContacts: 0
  m_UseAutoMass: 0
  m_Mass: 1
  m_LinearDrag: 0
  m_AngularDrag: 0.05
  m_GravityScale: 5
  m_Material: {fileID: 6200000, guid: 8303157c8b7259b4399d71f1db5ead6e, type: 2}
  m_Interpolate: 0
  m_SleepingMode: 1
  m_CollisionDetection: 1
  m_Constraints: 4
--- !u!70 &70597948487420216
CapsuleCollider2D:
  m_ObjectHideFlags: 1
  m_PrefabParentObject: {fileID: 0}
  m_PrefabInternal: {fileID: 100100000}
  m_GameObject: {fileID: 1820002985825242}
  m_Enabled: 1
  m_Density: 1
  m_Material: {fileID: 0}
  m_IsTrigger: 0
  m_UsedByEffector: 0
  m_UsedByComposite: 0
  m_Offset: {x: 0.061271667, y: -0.27813166}
  m_Size: {x: 1.4431356, y: 5.151799}
  m_Direction: 0
--- !u!95 &95689255658016588
Animator:
  serializedVersion: 3
  m_ObjectHideFlags: 1
  m_PrefabParentObject: {fileID: 0}
  m_PrefabInternal: {fileID: 100100000}
  m_GameObject: {fileID: 1820002985825242}
  m_Enabled: 1
  m_Avatar: {fileID: 0}
  m_Controller: {fileID: 9100000, guid: 5fd6902e753a00e4bbbbf5c666f7cf47, type: 2}
  m_CullingMode: 0
  m_UpdateMode: 1
  m_ApplyRootMotion: 0
  m_LinearVelocityBlending: 0
  m_WarningMessage: 
  m_HasTransformHierarchy: 1
  m_AllowConstantClipSamplingOptimization: 1
--- !u!114 &114027532979979544
MonoBehaviour:
  m_ObjectHideFlags: 1
  m_PrefabParentObject: {fileID: 0}
  m_PrefabInternal: {fileID: 100100000}
  m_GameObject: {fileID: 1820002985825242}
  m_Enabled: 1
  m_EditorHideFlags: 0
  m_Script: {fileID: 11500000, guid: 4ee783994d1434e48b96ef73b59d96bf, type: 3}
  m_Name: 
  m_EditorClassIdentifier: 
  zeroRocks: -15
  oneRock: -5
  twoRocks: 5
  threeRocks: 15
--- !u!114 &114114211836005272
MonoBehaviour:
  m_ObjectHideFlags: 1
  m_PrefabParentObject: {fileID: 0}
  m_PrefabInternal: {fileID: 100100000}
  m_GameObject: {fileID: 1820002985825242}
  m_Enabled: 1
  m_EditorHideFlags: 0
  m_Script: {fileID: 11500000, guid: 9ce451f6803b6c54583ccf1bb9d6618e, type: 3}
  m_Name: 
  m_EditorClassIdentifier: 
  speed: 5
  movementEnabled: 1
  flipEnabled: 1
  headOffset: 0.8
  feetOffset: -0.975
  horizontalOffSet: 0.37
  distanceBetweenFootsteps: 0
  changePitch: 0.05
  startingFacing: 0
  startingGround: 0
  isAlreadyMoving: 0
--- !u!114 &114137957551602750
MonoBehaviour:
  m_ObjectHideFlags: 1
  m_PrefabParentObject: {fileID: 0}
  m_PrefabInternal: {fileID: 100100000}
  m_GameObject: {fileID: 1820002985825242}
  m_Enabled: 1
  m_EditorHideFlags: 0
  m_Script: {fileID: 11500000, guid: 18558c1c4409e914a9196cf5ce349ccc, type: 3}
  m_Name: 
  m_EditorClassIdentifier: 
--- !u!114 &114162686185048204
MonoBehaviour:
  m_ObjectHideFlags: 1
  m_PrefabParentObject: {fileID: 0}
  m_PrefabInternal: {fileID: 100100000}
  m_GameObject: {fileID: 1820002985825242}
  m_Enabled: 1
  m_EditorHideFlags: 0
  m_Script: {fileID: 11500000, guid: e20c303ffb90b274ca4a3efe44f3eb34, type: 3}
  m_Name: 
  m_EditorClassIdentifier: 
  jumpHeight: 15
  activated: 1
  jumpKey: 32
  jumpEffect: {fileID: 8300000, guid: 71eaa297396206342a005d4fd7e87bdf, type: 3}
--- !u!114 &114337382534886102
MonoBehaviour:
  m_ObjectHideFlags: 1
  m_PrefabParentObject: {fileID: 0}
  m_PrefabInternal: {fileID: 100100000}
  m_GameObject: {fileID: 1820002985825242}
  m_Enabled: 1
  m_EditorHideFlags: 0
  m_Script: {fileID: 11500000, guid: 43e6c9bb9907ba9489865158cab2f831, type: 3}
  m_Name: 
  m_EditorClassIdentifier: 
  isDressActive: 1
  minTimeToInvert: 0.5
  mainCamera: {fileID: 0}
  hasTheDress: 1
  dressPrefab: {fileID: 0}
  dressEnabled: 1
  numberOfRocks: 0
  rockPrefab: {fileID: 1305058776292886, guid: cef0bd00857c0034da7dc353b17dfb50, type: 2}
  rockEnabled: 1
  dressOnKey: 101
  dressOffKey: 324
  interactionKey: 101
  grabKey: 101
  talkKey: 101
  interactionText: {fileID: 0}
--- !u!114 &114555893570036292
MonoBehaviour:
  m_ObjectHideFlags: 1
  m_PrefabParentObject: {fileID: 0}
  m_PrefabInternal: {fileID: 100100000}
  m_GameObject: {fileID: 1820002985825242}
  m_Enabled: 1
  m_EditorHideFlags: 0
  m_Script: {fileID: 11500000, guid: 40375f7549018484087792ba48c84c72, type: 3}
  m_Name: 
  m_EditorClassIdentifier: 
  pushSpeed: 2
  pullSpeed: 2
  catchKey: 304
  pushClip: {fileID: 8300000, guid: 9d967d17af6944e419e3e78c0cc0e732, type: 3}
  pullClip: {fileID: 8300000, guid: c89f1ab3060aeb146ac8502cfb73da4b, type: 3}
  activated: 1
  state: 0
--- !u!114 &114707041945428564
MonoBehaviour:
  m_ObjectHideFlags: 1
  m_PrefabParentObject: {fileID: 0}
  m_PrefabInternal: {fileID: 100100000}
  m_GameObject: {fileID: 1820002985825242}
  m_Enabled: 1
  m_EditorHideFlags: 0
  m_Script: {fileID: 11500000, guid: a19df5f2ebd5f3346a84e599d0e52ad2, type: 3}
  m_Name: 
  m_EditorClassIdentifier: 
  leftNode: {fileID: 0}
  rightNode: {fileID: 0}
--- !u!114 &114916924296994888
MonoBehaviour:
  m_ObjectHideFlags: 1
  m_PrefabParentObject: {fileID: 0}
  m_PrefabInternal: {fileID: 100100000}
  m_GameObject: {fileID: 1820002985825242}
  m_Enabled: 1
  m_EditorHideFlags: 0
  m_Script: {fileID: 11500000, guid: 01512a58eca54f749a6eb17cc2474f51, type: 3}
  m_Name: 
  m_EditorClassIdentifier: 
  ropeLength: 8
  speedGoing: 10
  speedBacking: 20
  speedClimbing: 3.3
  pullForce: 50
  nodeDistance: 0.2
  hookPrefab: {fileID: 1062428654031462, guid: c96645d2ae5e2f947ae7e816e3f1d5a2, type: 2}
  nodePrefab: {fileID: 1995474294669840, guid: db1f56df638a2fa4aaa05208223442ee, type: 2}
  launchClip: {fileID: 8300000, guid: 46145b0f7b24b4e6dabfaf10d7b26e18, type: 3}
  hitClip: {fileID: 8300000, guid: 56ea217479e144b48a1b3983442b1ef9, type: 3}
  state: 0
  activated: 1
--- !u!114 &114983944905029696
MonoBehaviour:
  m_ObjectHideFlags: 1
  m_PrefabParentObject: {fileID: 0}
  m_PrefabInternal: {fileID: 100100000}
  m_GameObject: {fileID: 1820002985825242}
  m_Enabled: 1
  m_EditorHideFlags: 0
  m_Script: {fileID: 11500000, guid: b17e2a52a42a642da914f541be78e665, type: 3}
  m_Name: 
  m_EditorClassIdentifier: 
  puddle: {fileID: 0}
  dialogKey: {fileID: 0}
  resetScript: {fileID: 0}
--- !u!212 &212651962617320974
SpriteRenderer:
  m_ObjectHideFlags: 1
  m_PrefabParentObject: {fileID: 0}
  m_PrefabInternal: {fileID: 100100000}
  m_GameObject: {fileID: 1820002985825242}
  m_Enabled: 1
  m_CastShadows: 0
  m_ReceiveShadows: 0
  m_DynamicOccludee: 1
  m_MotionVectors: 1
  m_LightProbeUsage: 1
  m_ReflectionProbeUsage: 1
  m_Materials:
  - {fileID: 10754, guid: 0000000000000000f000000000000000, type: 0}
  m_StaticBatchInfo:
    firstSubMesh: 0
    subMeshCount: 0
  m_StaticBatchRoot: {fileID: 0}
  m_ProbeAnchor: {fileID: 0}
  m_LightProbeVolumeOverride: {fileID: 0}
  m_ScaleInLightmap: 1
  m_PreserveUVs: 0
  m_IgnoreNormalsForChartDetection: 0
  m_ImportantGI: 0
  m_StitchLightmapSeams: 0
  m_SelectedEditorRenderState: 0
  m_MinimumChartSize: 4
  m_AutoUVMaxDistance: 0.5
  m_AutoUVMaxAngle: 89
  m_LightmapParameters: {fileID: 0}
  m_SortingLayerID: 309923051
  m_SortingLayer: 1
  m_SortingOrder: 0
  m_Sprite: {fileID: 21300000, guid: e23946b89f7b6457b9a0f3b606f54763, type: 3}
  m_Color: {r: 1, g: 1, b: 1, a: 1}
  m_FlipX: 0
  m_FlipY: 0
  m_DrawMode: 0
  m_Size: {x: 4.26, y: 5.67}
  m_AdaptiveModeThreshold: 0.5
  m_SpriteTileMode: 0
  m_WasSpriteAssigned: 1
  m_MaskInteraction: 0
